@book{local:muchnick:jones:flow-analysis:1981,
    author = {Muchnick, Steven S. and Jones, Neil D.},
    citeulike-article-id = {556098},
    howpublished = {Hardcover},
    isbn = {0137296819},
    keywords = {data-flow, static-analysis},
    priority = {0},
    publisher = {{Prentice Hall}},
    title = {{Program Flow Analysis: Theory and Applications (Prentice-Hall Software Series)}},
    year = {{1981}}
}


@article{DBLP:journals/corr/abs-1211-3722,
  author    = {J. Ian Johnson and
               Matthew Might and
               David Van Horn},
  title     = {Optimizing Abstract Abstract Machines},
  journal   = {arXiv},
  volume    = {abs/1211.3722},
  year      = {2012},
  ee        = {http://arxiv.org/abs/1211.3722},
  bibsource = {DBLP, http://dblp.uni-trier.de},
  archivePrefix = "arXiv",
  eprint    = {1211.3722},
  primaryClass = {cs.PL}
}